@article{PRODUIT2005616,
author = {N. Produit and F. Barao and S. Deluit and others},
journal = {Nuclear Instruments and Methods in Physics Research Section A},
number = {3},
pages = {616--625},
title = {{POLAR, a compact detector for gamma-ray bursts photon polarization measurements}},
url = {http://www.sciencedirect.com/science/article/pii/S0168900205012891},
volume = {550},
year = {2005}
}

@article{Produit2017,
author = {N. Produit and T.W. Bao and T. Batsch and others},
title = {{Design and construction of the POLAR detector}},
journal = {Nuclear Instruments and Methods in Physics Research Section A},
volume = {877},
pages = {259--268},
year = {2018}
}

@article{Xiong2009,
author = {Shaolin Xiong and Nicolas Produit and Bobing Wu},
title = {{Expected performance of a hard X-ray polarimeter (POLAR) by Monte Carlo simulation}},
journal = {Nuclear Instruments and Methods in Physics Research Section A},
volume = {606},
number = {3},
pages = {552--559},
year = {2009}
}

@article{LI20188,
title = {{In-orbit instrument performance study and calibration for POLAR polarization measurements}},
journal = {Nuclear Instruments and Methods in Physics Research Section A},
volume = {900},
pages = {8--24},
year = {2018},
issn = {0168-9002},
doi = {https://doi.org/10.1016/j.nima.2018.05.041},
url = {http://www.sciencedirect.com/science/article/pii/S0168900218306569},
author = {Zhengheng Li and Merlin Kole and Jianchao Sun and others}
}

@article{SUAREZGARCIA2010624,
title = {{A method to localize gamma-ray bursts using POLAR}},
journal = {Nuclear Instruments and Methods in Physics Research Section A},
volume = {624},
number = {3},
pages = {624--634},
year = {2010},
doi = {https://doi.org/10.1016/j.nima.2010.10.006},
url = {http://www.sciencedirect.com/science/article/pii/S0168900210022357},
author = {E. Suarez-Garcia and D. Haas and W. Hajdas and others}
}

@article{Zheng2017,
title = {{Test of pulsar navigation with POLAR on TG-2 spacelab}},
author = {ZHENG, ShiJie and GE, MingYu and HAN, DaWei and others},
journal = {SCIENTIA SINICA Physica, Mechanica \& Astronomica},
year = {2017},
volume = {47},
number = {9},
pages = {099505},
doi = {https://doi.org/10.1360/SSPMA2017-00080}
}

@article{Kole2017,
author = {M. Kole and Z.H. Li and N. Produit and others},
title = {{Instrument performance and simulation verification of the POLAR detector}},
journal = {Nuclear Instruments and Methods in Physics Research Section A},
volume = {872},
pages = {28--40},
year = {2017},
url ={http://www.sciencedirect.com/science/article/pii/S0168900217308458}
}